@article{gashi2019influence,
  title={The influence of model order reduction on the computed fractional flow reserve using parameterized coronary geometries},
  author={Gashi, K and Bosboom, EMH and van de Vosse, FN},
  journal={Journal of biomechanics},
  volume={82},
  pages={313--323},
  year={2019},
  publisher={Elsevier}
}